<?xml version="1.0" encoding="UTF-8"?><record xmlns="http://www.loc.gov/MARC21/slim" xmlns:cinclude="http://apache.org/cocoon/include/1.0" xmlns:zs="http://www.loc.gov/zing/srw/">
  <leader>00457nz  a2200145n  4500</leader>
  <controlfield tag="001">no2009033726</controlfield>
  <controlfield tag="003">DLC</controlfield>
  <controlfield tag="005">20090306081556.0</controlfield>
  <controlfield tag="008">090304n| acannaabn          |a aaa     c</controlfield>
  <datafield tag="010" ind1=" " ind2=" ">
    <subfield code="a">no2009033726</subfield>
  </datafield>
  <datafield tag="035" ind1=" " ind2=" ">
    <subfield code="a">(OCoLC)oca08033822</subfield>
  </datafield>
  <datafield tag="040" ind1=" " ind2=" ">
    <subfield code="a">MX-MxBN</subfield>
    <subfield code="b">eng</subfield>
    <subfield code="c">MX-MxBN</subfield>
  </datafield>
  <datafield tag="100" ind1="1" ind2=" ">
    <subfield code="a">Rodiles Hernández, Rocío</subfield>
  </datafield>
  <datafield tag="400" ind1="1" ind2=" ">
    <subfield code="a">Hernández, Rocío Rodiles</subfield>
  </datafield>
  <datafield tag="670" ind1=" " ind2=" ">
    <subfield code="a">Guía de peces del río Lacanjá, selva Lacandona ..., 1997:</subfield>
    <subfield code="b">t.p. (Rocío Rodiles-Hernández)</subfield>
  </datafield>
</record>